@Manual{R-base,
  title = {R: A Language and Environment for Statistical Computing},
  author = {{R Core Team}},
  organization = {R Foundation for Statistical Computing},
  address = {Vienna, Austria},
  year = {2023},
  url = {https://www.R-project.org/},
}
@article{gigerenzer2004,
  title={The null ritual: what you always wanted to know about significance testing but were afraid to ask},
  author={Gigerenzer, Gerd and Krauss, Stefan and Vitouch, Oliver},
  journal={The Sage handbook of quantitative methodology for the social sciences},
  pages={391--408},
  year={2004},
  publisher={Sage Thousand Oaks, CA}
}
@article{fischer1994,
  title={Testing for multimodality},
  author={Fischer, NI and Mammen, Enno and Marron, James S},
  journal={Computational statistics \& data analysis},
  volume={18},
  number={5},
  pages={499--512},
  year={1994},
  publisher={Elsevier}
}
@Manual{fpcpackage,
    title = {fpc: Flexible Procedures for Clustering},
    author = {Christian Hennig},
    year = {2023},
    note = {R package version 2.2-11},
    url = {https://CRAN.R-project.org/package=fpc},
  }
@article{rand1971,
  title={Objective criteria for the evaluation of clustering methods},
  author={Rand, William M},
  journal={Journal of the American Statistical association},
  pages={846--850},
  year={1971},
  publisher={JSTOR}
}
@article{caspi2014,
  title={The p factor: one general psychopathology factor in the structure of psychiatric disorders?},
  author={Caspi, Avshalom and Houts, Renate M and Belsky, Daniel W and Goldman-Mellor, Sidra J and Harrington, HonaLee and Israel, Salomon and Meier, Madeline H and Ramrakha, Sandhya and Shalev, Idan and Poulton, Richie and others},
  journal={Clinical psychological science},
  volume={2},
  number={2},
  pages={119--137},
  year={2014},
  publisher={Sage Publications Sage CA: Los Angeles, CA}
}
@article{spearman1904,
  title={General intelligence, objectively determined and measured},
  author={Spearman, Charles},
  year={1904},
  volume={15},
  pages={201--293},
  journal={American Journal of Psychology}
 }
 @article{van2006,
  title={A dynamical model of general intelligence: the positive manifold of intelligence by mutualism.},
  author={Van Der Maas, Han LJ and Dolan, Conor V and Grasman, Raoul PPP and Wicherts, Jelte M and Huizenga, Hilde M and Raijmakers, Maartje EJ},
  journal={Psychological review},
  volume={113},
  number={4},
  pages={842},
  year={2006},
  publisher={American Psychological Association}
}
@book{duda1973,
  title={Pattern classification and scene analysis},
  author={Duda, Richard O and Hart, Peter E},
  volume={3},
  year={1973},
  publisher={Wiley New York}
}
@Book{ggplot2package,
    author = {Hadley Wickham},
    title = {ggplot2: Elegant Graphics for Data Analysis},
    publisher = {Springer-Verlag New York},
    year = {2016},
    isbn = {978-3-319-24277-4},
    url = {https://ggplot2.tidyverse.org},
  }
@Manual{corrplotpackage,
    title = {R package 'corrplot': Visualization of a Correlation Matrix},
    author = {Taiyun Wei and Viliam Simko},
    year = {2021},
    note = {(Version 0.92)},
    url = {https://github.com/taiyun/corrplot},
  }
@Manual{semToolspackage,
    title = {\texttt{semTools}: {U}seful tools for structural equation modeling},
    author = {Terrence D. Jorgensen and Sunthud Pornprasertmanit and Alexander M. Schoemann and Yves Rosseel},
    year = {2022},
    note = {R package version 0.5-6},
    url = {https://CRAN.R-project.org/package=semTools},
  }
@Article{mclust,
    title = {{mclust} 5: clustering, classification and density estimation using {G}aussian finite mixture models},
    author = {Luca Scrucca and Michael Fop and T. Brendan Murphy and Adrian E. Raftery},
    journal = {The {R} Journal},
    year = {2016},
    volume = {8},
    number = {1},
    pages = {289--317},
    url = {https://doi.org/10.32614/RJ-2016-021},
  }
@article{dalmaijer2023,
  title={Tutorial: a priori estimation of sample size, effect size, and statistical power for cluster analysis, latent class analysis, and multivariate mixture models},
  author={Dalmaijer, Edwin S},
  journal={arXiv preprint arXiv:2309.00866},
  year={2023}
}
@article{lakens2023,
  title={Concerns about Replicability, Theorizing, Applicability, Generalizability, and Methodology across Two Crises in Social Psychology},
  author={Lakens, Daniel},
  year={2023},
  publisher={PsyArXiv}
}
@article{szucs2017,
  title={Empirical assessment of published effect sizes and power in the recent cognitive neuroscience and psychology literature},
  author={Szucs, Denes and Ioannidis, John PA},
  journal={PLoS biology},
  volume={15},
  number={3},
  pages={e2000797},
  year={2017},
  publisher={Public Library of Science San Francisco, CA USA}
}
@article{tein2013,
  title={Statistical power to detect the correct number of classes in latent profile analysis},
  author={Tein, Jenn-Yun and Coxe, Stefany and Cham, Heining},
  journal={Structural equation modeling: a multidisciplinary journal},
  volume={20},
  number={4},
  pages={640--657},
  year={2013},
  publisher={Taylor \& Francis}
}
@article{toffalini2022,
  title={Entia Non Sunt Multiplicanda??? Shall I look for clusters in my cognitive data?},
  author={Toffalini, Enrico and Girardi, Paolo and Giofr{\`e}, David and Alto{\`e}, Gianmarco},
  journal={Plos one},
  volume={17},
  number={6},
  pages={e0269584},
  year={2022},
  publisher={Public Library of Science San Francisco, CA USA}
}
@article{micceri1989,
  title={The unicorn, the normal curve, and other improbable creatures.},
  author={Micceri, Theodore},
  journal={Psychological bulletin},
  volume={105},
  number={1},
  pages={156},
  year={1989},
  publisher={American Psychological Association}
}
@article{knief2021,
  title={Violating the normality assumption may be the lesser of two evils},
  author={Knief, Ulrich and Forstmeier, Wolfgang},
  journal={Behavior Research Methods},
  volume={53},
  number={6},
  pages={2576--2590},
  year={2021},
  publisher={Springer}
}
@article{vanhorn2012,
  title={Not quite normal: Consequences of violating the assumption of normality in regression mixture models},
  author={Van Horn, M Lee and Smith, Jessalyn and Fagan, Abigail A and Jaki, Thomas and Feaster, Daniel J and Masyn, Katherine and Hawkins, J David and Howe, George},
  journal={Structural equation modeling: a multidisciplinary journal},
  volume={19},
  number={2},
  pages={227--249},
  year={2012},
  publisher={Taylor \& Francis}
}
@book{kassambara2017,
  title={Practical guide to cluster analysis in R: Unsupervised machine learning},
  author={Kassambara, Alboukadel},
  volume={1},
  year={2017},
  publisher={Sthda}
}
@Manual{shinypackage,
    title = {shiny: Web Application Framework for R},
    author = {Winston Chang and Joe Cheng and JJ Allaire and Carson Sievert and Barret Schloerke and Yihui Xie and Jeff Allen and Jonathan McPherson and Alan Dipert and Barbara Borges},
    year = {2023},
    note = {R package version 1.7.5.1},
    url = {https://CRAN.R-project.org/package=shiny},
  }
  
  
  
  






